<?xml version="1.0" encoding="UTF-8"?><collection xmlns="http://www.loc.gov/MARC21/slim"><record><leader>00417nam--2200169-u-4500</leader><controlfield tag="001">000051666</controlfield><controlfield tag="002">20161230</controlfield><controlfield tag="005">20161230201049</controlfield><controlfield tag="008">080814s1000------------r-----000-0-eng-d</controlfield><datafield ind1=" " ind2=" " tag="040"><subfield code="a">IFIN-HH</subfield></datafield><datafield ind1=" " ind2=" " tag="080"><subfield code="a">517.531</subfield></datafield><datafield ind1="1" ind2=" " tag="100"><subfield code="a">Goluzin,G.M</subfield></datafield><datafield ind1="1" ind2="0" tag="245"><subfield code="a">Geometricheskaya Teoriya Funktsii Komplesnogo Peremennogo</subfield></datafield><datafield ind1=" " ind2=" " tag="260"><subfield code="a">Moskva</subfield><subfield code="c">1952</subfield></datafield><datafield ind1=" " ind2=" " tag="300"><subfield code="a">540 p</subfield></datafield><datafield ind1=" " ind2=" " tag="852"><subfield code="a">2565</subfield><subfield code="c">517.53</subfield></datafield><datafield ind1=" " ind2=" " tag="CAT"><subfield code="a">Sys</subfield><subfield code="c">20080814</subfield><subfield code="h">102715</subfield></datafield></record></collection>